% Encoding: UTF-8

@Book{Unbehauen2007,
  author    = {Unbehauen, Heinz},
  title     = {Regelungstechnik II - Zustandsregelungen, digitale und nichtlineare Regelsysteme},
  edition   = {9. Aufl.},
  isbn      = {978-3-834-89139-6},
  publisher = {Springer-Verlag},
  address   = {Berlin Heidelberg New York},
  groups    = {PTB},
  year      = {2007},
}

@Book{Kurzweil,
  author    = {Kurzweil, P. and Dietlmeier, O. K.},
  title     = {Elektrochemische Speicher},
  publisher = {Wiesbaden: Springer Vieweg},
  abstract  = {Dieses praxisnahe Lehrbuch und Nachschlagewerk zeigt anschaulich die Welt der elektrochemischen Energiewandler und ihre modernen Anwendungen für nachhaltige Energiekonzepte. Wie speichert man  überschüssige Wind- und Solarenergie, wie lässt sich Wasserstoff aus nicht-fossilen Ressourcen als chemische Speicherform nutzen? Jeder Themenbereich behandelt die physikalischen, chemischen, ingenieurtechnischen und materialwissenschaftlichen Grundlagen und erlaubt so eine interdisziplinäre Sicht auf die technischen Anwendungen. Eine Übersicht über die rechtlichen Rahmenbedingungen gibt verlässliche Informationen zu rechtlichen Fragestellungen.},
  groups    = {PTB},
  year      = {2015},
}

@Book{Muehl2007,
  author    = {Mühl, Thomas},
  title     = {Einführung in die elektrische Messtechnik - Grundlagen, Messverfahren, Geräte},
  edition   = {2},
  isbn      = {978-3-835-19014-6},
  publisher = {Springer-Verlag},
  address   = {Berlin Heidelberg New York},
  groups    = {PTB},
  keywords  = {Messverfahren; TDM; Leistungsmessung; Energiezähler},
  year      = {2007},
}

@Book{Werner2006,
  author    = {Martin Werner},
  title     = {Nachrichtentechnik - Eine Einführung für alle Studiengänge},
  edition   = {5},
  isbn      = {978-3-8348-0132-6},
  publisher = {Friedr. Vieweg \& Sohn Verlag | GWV Fachverlage GmbH},
  address   = {Wiesbaden},
  groups    = {PTB},
  year      = {2006},
}

@Book{Wuensche2007,
  author    = {Manfred Wünsche},
  title     = {BWL für IT-Berufe - Ein praxisorientierter Leitfaden für kaufmännische Berufsfelder},
  publisher = {Friedr.Vieweg \& Sohn Verlag | GWV Fachverlage GmbH},
  address   = {Wiesbaden},
  comment   = {Nutzwertanalyse},
  groups    = {PTB},
  year      = {2007},
}

@Book{Kahmann1994,
  author    = {Kahmann, Martin},
  title     = {Elektrische Energie elektronisch gemessen},
  isbn      = {978-3800718597},
  pagetotal = {497},
  publisher = {VDE-Verlag},
  subtitle  = {Messgerätetechnik, Prüfmittel, Anwendungen},
  address   = {Berlin},
  groups    = {PTB},
  keywords  = {Ferrariszähler; elektronische Haushaltszähler; eHz;},
  year      = {1994},
}

@MvBook{PhysikalischTechnischeBundesanstalt2007,
  author    = {Physikalisch-Technische Bundesanstalt},
  title     = {Prüfregeln},
  edition   = {3},
  publisher = {PTB},
  subtitle  = {6. Band - Elektrizitätszähler},
  address   = {Braunschweig},
  groups    = {PTB},
  year      = {2007},
}

@Book{Lerch2006,
  author    = {Reinhard Lerch},
  title     = {Elektrische Messtechnik},
  edition   = {3},
  isbn      = {978-3-540-34055-3},
  publisher = {Springer},
  subtitle  = {Analoge, digitale und computergestiitzte Verfahren},
  address   = {Berlin Heidelberg New York},
  groups    = {PTB},
  keywords  = {Elektrische Messtechnik ; Lehrbuch; Genauigkeitsklassen},
  year      = {2006},
}

@Legislation{EuropaeischesParlament2014,
  author = {{Europäisches Parlament} and {Rat der Europäischen Union}},
  date   = {2014-03-29},
  file   = {:Quellen/E-ParlamentCELEX_32014L0032_DE_TXT.pdf:PDF},
  groups = {PTB},
  title  = {RICHTLINIE 2014/""32/""EU - Harmonisierung der Rechtsvorschriften der Mitgliedstaaten über die Bereitstellung von Messgeräten auf dem Markt (Neufassung)},
}

@Legislation{EuropaeischesParlament2004,
  author = {{Europäisches Parlament} and {Rat der Europäischen Union}},
  date   = {2004-04-30},
  file   = {:Quellen/E-Parlament2004CELEX_32004L0022_De_TXT.pdf:PDF},
  groups = {PTB},
  title  = {RICHTLINIE 2004/""22/""EG - Über Messgeräte},
}

@Misc{Rowold2019,
  author       = {Jochen Rowold},
  date         = {2019-10-30},
  title        = {Fehlertoleranzen Haushaltszähler},
  howpublished = {pers. comm.},
  groups       = {PTB},
}

@Book{Muehl2008,
  author    = {Tohmas Mühl},
  title     = {Einführung in die elektrische Messtechnik},
  edition   = {3},
  isbn      = {978-3-8351-0189-0},
  publisher = {Vieweg + Teubner Verlag},
  subtitle  = {Grundlagen, Messverfahren, Geräte},
  address   = {Wiesbaden},
  groups    = {PTB},
  year      = {2008},
}

@WWW{Eckstein-Komponente2019,
  author = {Eckstein-Komponente},
  date   = {2019-12-06},
  title  = {MAX485 Module TTL Switch Schalter to RS-485 Module RS485 5V Modul},
  url    = {https://eckstein-shop.de/MAX485-Module-TTL-Switch-Schalter-to-RS-485-Module-RS485-5V-Modul},
  groups = {PTB},
}

@WWW{Pollin-Electronic2019,
  author = {Pollin-Electronic},
  date   = {2019-12-06},
  title  = {SD Speicherkartenmodul},
  url    = {https://www.pollin.de/p/sd-speicherkartenmodul-810359?&gclid=CjwKCAiAlajvBRB_EiwA4vAqiCUDUJXeH2F5tQ6fv6WEYt22eyKoA_FAUpxAsV2hKUnKwPOOH3xw5RoClewQAvD_BwE},
  groups = {PTB},
}

@WWW{Reichelt2019,
  author = {Reichelt},
  date   = {2019-12-06},
  title  = {ARDUINO NANO Arduino Nano V3.3, ATmega 328, Mini-USB},
  url    = {https://www.reichelt.de/arduino-nano-v3-3-atmega-328-mini-usb-arduino-nano-p142943.html},
  groups = {PTB},
}

@WWW{Strom-Report2019,
  author = {Strom-Report},
  date   = {2019-12-12},
  title  = {Strompreiszusammensetzung in Deutschland},
  url    = {https://strom-report.de/strompreise/strompreis-zusammensetzung/},
  groups = {PTB},
}

@WWW{Statista2019,
  author = {Statista},
  date   = {2019-12-12},
  title  = {Zusammensetzung des Strompreises für die Industrie* in Deutschland in den Jahren 2018 und 2019},
  url    = {https://de.statista.com/statistik/daten/studie/168571/umfrage/strompreis-fuer-die-industrie-in-deutschland-seit-1998/},
  groups = {PTB},
}

@WWW{UmweltBundesamt2019,
  author   = {{Umwelt Bundesamt}},
  date     = {2019-09-27},
  title    = {Stromverbrauch},
  url      = {https://www.umweltbundesamt.de/daten/energie/stromverbrauch},
  subtitle = {Entwicklung und Maßnahmen},
  urldate  = {2019-12-12},
  groups   = {PTB},
}

@WWW{beStoraged2019,
  author   = {{be.storaged~GmbH}},
  date     = {2019-12-12},
  title    = {be.storaged Optimizer},
  url      = {https://be-storaged.de/optimizer/details},
  subtitle = {Intensive Netznutzung},
  groups   = {PTB},
}

@TechReport{ChristianBantle2019,
  author      = {Christian Bantle, Tilman Schwenke},
  date        = {2019-07-23},
  institution = {{bdew Bundesverband der Energie- und Wasserwirtschaft e.V.}},
  title       = {Strompreisanalyse Juli 2019},
  file        = {:Quellen/190723_BDEW-Strompreisanalyse_Juli-2019.pdf:PDF},
  groups      = {PTB},
}

@WWW{Elektrowelt-Zwickau2020,
  author = {Elektrowelt-Zwickau},
  date   = {2020-01-12},
  title  = {ABB A44 352-100 A44 352-100 Messwandlerzähler, RS485 „Silber“, 3 Phasen, Wandleranschluss 6A},
  url    = {https://www.elektrowelt-zwickau.de/elektroinstallation-abb/abb-a44-352-100-a44-352-100-messwandlerzaehler-rs485-silber-3-phasen-wandleranschluss-6a.html?gclid=CjwKCAiApOvwBRBUEiwAcZGdGGCEUCu7u51fB_ixre5awDfgkKrrIR0E2RuTIKbxa1Hiu3yh10E0vBoCcN8QAvD_BwE},
  groups = {PTB},
}

@Misc{Bender2019,
  author = {Bender},
  date   = {2019-09-17},
  title  = {Angebot 1101904384},
  file   = {:Quellen/Angebot1101904384.pdf:PDF},
  groups = {PTB},
}

@Misc{PhoenixContact2019,
  author = {{Phoenix Contact}},
  date   = {2019-09-18},
  title  = {Angebot 2300616862},
  groups = {PTB},
}

@WWW{RSOnline2020,
  author = {RS-Online},
  date   = {2020-01-12},
  title  = {Phoenix Contact EEM-MA770 Leistungsmessgerät},
  url    = {https://de.rs-online.com/web/p/leistungsmessgerate-digital/1892317?ef_id=CjwKCAiApOvwBRBUEiwAcZGdGMCvmhquYFVGCr5CbXSNR3klV4itin7NdX6j-omtnmPVDz4fzJvlnBoCyZYQAvD_BwE:G:s&s_kwcid=AL!8729!3!340666035037!!!g!300759217320!&cm_mmc=DE-PLA-DS3A-_-google-_-PLA_DE_DE_Automation_Whoop-_-(DE:Whoop!)+Leistungsmessger%C3%A4te-Digital-_-PRODUCT_GROUP&matchtype=&pla-300759217320&gclid=CjwKCAiApOvwBRBUEiwAcZGdGMCvmhquYFVGCr5CbXSNR3klV4itin7NdX6j-omtnmPVDz4fzJvlnBoCyZYQAvD_BwE&gclsrc=aw.ds},
  groups = {PTB},
}

@WWW{OSD2020,
  author = {OSD},
  date   = {2020-01-12},
  title  = {Schneider Electric PM3255-Messgerät 2 METSEPM3255},
  url    = {https://shop.osd-schenck.de/epages/es549793.sf/?Locale=de_DE&ObjectPath=/Shops/es549793/Products/METSEPM3255&ViewAction=ViewProductViaPortal&gclid=CjwKCAiApOvwBRBUEiwAcZGdGPuhfG7G8BHc0VbIAst3WeKi35kueg9VC80aSJO69iHD-Vob5XFgBhoCPtgQAvD_BwE},
  groups = {PTB},
}

@WWW{OSD2020a,
  author = {OSD},
  date   = {2020-01-12},
  title  = {Schneider Electric PM3250-Messgerät METSEPM3250},
  url    = {https://shop.osd-schenck.de/epages/es549793.sf/?Locale=de_DE&ObjectPath=/Shops/es549793/Products/METSEPM3250&ViewAction=ViewProductViaPortal&gclid=CjwKCAiApOvwBRBUEiwAcZGdGE0virNuAV3Vc1IdL94seyhokBW8KD4J0cWluX9NGtWpMaCBcnpvURoCspYQAvD_BwE},
  groups = {PTB},
}

@Misc{Akytec2019,
  author = {Akytec},
  date   = {2019-09-18},
  title  = {Angebot 2019-30323},
  file   = {:Quellen/Angebot 2019-30323.pdf:PDF},
  groups = {PTB},
}

@WWW{Avisaro2020,
  author = {Avisaro},
  date   = {2020-01-12},
  title  = {Logger Cube (2.0)},
  url    = {https://avisaro.eshop.t-online.de/epages/Store4_Shop37556.sf/de_DE/?ObjectPath=/Shops/Shop37556/Products/M21766/SubProducts/M22766},
  groups = {PTB},
}

@WWW{Avisaro2020a,
  author = {Avisaro},
  date   = {2020-01-12},
  title  = {Datenlogger Box (2.0)},
  url    = {https://avisaro.eshop.t-online.de/epages/Store4_Shop37556.sf/de_DE/?ObjectPath=/Shops/Shop37556/Products/M21133/SubProducts/M22833},
  groups = {PTB},
}

@WWW{OceanControls2020,
  author = {{Ocean Controls}},
  date   = {2020-01-12},
  title  = {Modbus Datalogger},
  url    = {https://oceancontrols.com.au/KTA-287.html},
  groups = {PTB},
}

@Misc{ADFweb2019,
  author       = {ADFweb},
  date         = {2019-09-18},
  title        = {Request Quotation Datalogger Modbus},
  howpublished = {private communication},
  groups       = {PTB},
}

@WWW{Sengpiel2020,
  author = {Eberhard Sengpiel},
  date   = {2020-01-12},
  title  = {Umrechner von Dezibel in Prozent und zurück},
  url    = {http://www.sengpielaudio.com/Rechner-klirr.htm},
  groups = {PTB},
}

@WWW{Janitza2020,
  author = {Janitza},
  date   = {2020-01-13},
  title  = {Kommunikation über die RS485-Schnittstelle},
  url    = {https://www.janitza.de/kommunikation-ueber-die-rs485-schnittstelle.html},
  groups = {PTB},
}

@WWW{Weis2020,
  author = {Olga Weis},
  date   = {2020-01-13},
  title  = {Kommunikationshandbuch für Modbus RTU},
  url    = {https://www.virtual-serial-port.org/de/articles/modbus-rtu-guide/},
  groups = {PTB},
}

@WWW{Rouse2015,
  author = {Margaret Rouse},
  date   = {2020-01-13},
  title  = {MTBF (Mean Time Between Failures)},
  url    = {https://www.computerweekly.com/de/definition/MTBF-Mean-Time-Between-Failures},
  groups = {PTB},
  year   = {2015},
}

@WWW{WEKAMEDIAGHKG2020,
  author = {{WEKA MEDIA GmbH \& Co. KG}},
  date   = {2020-01-13},
  title  = {Energiemanagementsystem (EnMS)},
  url    = {https://www.energiemanagement-und-energieeffizienz.de/energie-lexikon/energiemanagementsystem-enms/},
  groups = {PTB},
}

@Misc{Rowold2019a,
  author       = {Jochen Rowold},
  date         = {2019-09-26},
  title        = {Nutzung von Energiezählern bei EWE Netz},
  howpublished = {private communication},
  groups       = {PTB},
}

@WWW{Innogy2020,
  author = {Innogy},
  date   = {2020-01-07},
  title  = {bit.B: Ihre Daten immer im Blick},
  url    = {https://www.bitb.innogy.com/de/so-funktioniert-bitb},
  groups = {PTB},
}

@WWW{Gauthier2016,
  author   = {Nick Gauthier},
  date     = {2016-04-12},
  title    = {Hashed Passwords with PostgreSQL's pgcrypto},
  url      = {https://www.meetspaceapp.com/2016/04/12/passwords-postgresql-pgcrypto.html},
  urldate  = {04.07.2020},
  groups   = {Datenbanken},
  keywords = {Postgresql},
}

@WWW{Group2020,
  author  = {The PostgreSQL Global Development Group},
  date    = {2020-07-04},
  title   = {8.12. UUID Type},
  url     = {https://www.postgresql.org/docs/9.1/datatype-uuid.html},
  urldate = {2020-07-04},
  groups  = {Datenbanken},
}

@Book{AWS2020,
  author   = {{Amazon Web Services}},
  date     = {2020-06-17},
  title    = {AWS IoT Developer Guide},
  groups   = {Rechnernetze - AWS},
  keywords = {Rechnernetzte},
}

@WWW{Strube2010,
  author   = {Philipp Strube},
  date     = {2010-03-04},
  title    = {Amazons Web Services im Überblick: Das Cloud-Computing-Universum},
  url      = {https://t3n.de/magazin/amazons-web-services-uberblick-cloud-computing-universum-224005/},
  urldate  = {2020-07-07},
  groups   = {Rechnernetze - AWS},
  keywords = {Rechnernetze},
}

@WWW{AWS2020a,
  author   = {{Amazon Web Servies}},
  title    = {Cloud Computing mit AWS},
  url      = {https://aws.amazon.com/de/what-is-aws/},
  urldate  = {2020-07-06},
  abstract = {Amazon Web Services (AWS) ist mit mehr als 175 Services, die umfangreiche Funktionen bieten und in global verteilten Rechenzentren bereitgestellt werden, die weltweit umfassendste und am häufigsten genutzte Cloud-Plattform. Millionen von Kunden – darunter einige der am schnellsten wachsenden Start-up-Unternehmen und der größten Konzerne sowie wichtige Behörden – vertrauen auf AWS, wenn es darum geht, agiler zu werden, Kosten zu senken und Innovationen schneller zu realisieren.},
  groups   = {Rechnernetze - AWS},
  keywords = {Rechnernetze},
}

@WWW{AWS2020b,
  author   = {{Amazon Web Services}},
  title    = {Amazon EC2 – Preise},
  url      = {https://aws.amazon.com/de/ec2/pricing/},
  urldate  = {2020-07-07},
  groups   = {Rechnernetze - AWS},
  keywords = {Rechnernetze},
}

@WWW{AWS2020c,
  author   = {{Amazon Web Services}},
  title    = {Amazon S3},
  url      = {https://aws.amazon.com/de/s3/},
  urldate  = {2020-07-07},
  groups   = {Rechnernetze - AWS},
  keywords = {Rechnernetze},
}

@WWW{AWS2020d,
  author   = {{Amazon Web Services}},
  title    = {Amazon Relational Database Service (RDS)},
  url      = {https://aws.amazon.com/de/rds/},
  urldate  = {2020-07-07},
  groups   = {Rechnernetze - AWS},
  keywords = {Rechnernetze},
}

@WWW{AWS2020e,
  author   = {{Amazon Web Services}},
  title    = {AWS Lambda},
  url      = {https://aws.amazon.com/de/lambda/},
  urldate  = {2020-07-07},
  groups   = {Rechnernetze - AWS},
  keywords = {Rechnernetze},
}

@Manual{AWS2020f,
  author  = {{Amazon Web Services}},
  date    = {2020},
  title   = {AWS General Reference},
  url     = {https://docs.aws.amazon.com/general/latest/gr/aws-general.pdf#aws-service-information},
  urldate = {2020-07-08},
  groups  = {Rechnernetze - AWS},
}

@WWW{AWS2020g,
  author   = {{Amazon Web Services}},
  title    = {AWS IoT – Vernetztes Zuhause},
  url      = {https://aws.amazon.com/de/iot/solutions/connected-home/?c=i&sec=uc2},
  urldate  = {2020-07-07},
  groups   = {Rechnernetze - AWS},
  keywords = {Rechnernetze},
}

@WWW{AWS2020h,
  author   = {{Amazon Web Services}},
  title    = {Industrielles Internet der Dinge},
  url      = {https://aws.amazon.com/de/iot/solutions/industrial-iot/?c=i&sec=uc1},
  urldate  = {2020-07-07},
  groups   = {Rechnernetze - AWS},
  keywords = {Rechnernetze},
}

@Book{Stone2013,
  author    = {Brad Stone},
  date      = {2013-10-15},
  title     = {Der Allesverkäufer: Jeff Bezos und das Imperium von Amazon},
  isbn      = {978-3-593-39816-7},
  location  = {Frankfurt am Main},
  publisher = {Campus Verlag GmbH},
  groups    = {Rechnernetze - AWS},
}

@WWW{AWS2020i,
  author  = {{Amazon Web Services}},
  title   = {Amazon DynamoDB},
  url     = {https://aws.amazon.com/de/dynamodb/},
  urldate = {2020-07-08},
  groups  = {Rechnernetze - AWS},
}

@WWW{AWS2020j,
  author  = {{Amazon Web Services}},
  title   = {AWS IoT Greengrass},
  url     = {https://aws.amazon.com/de/greengrass/},
  urldate = {2020-07-08},
  groups  = {Rechnernetze - AWS},
}

@WWW{AWS2020k,
  author = {{Amazon Web Services}},
  date   = {2020},
  title  = {AWS IoT Events},
  url    = {https://aws.amazon.com/de/iot-events/},
  groups = {Rechnernetze - AWS},
}

@WWW{AWS2020l,
  author  = {{Amazon Web Services}},
  title   = {AWS IoT Analytics},
  url     = {https://aws.amazon.com/de/iot-analytics/},
  urldate = {2020-07-08},
  groups  = {Rechnernetze - AWS},
}

@WWW{AWS2019,
  author   = {{Amazon Web Services}},
  date     = {2019},
  title    = {Connected Home - Telemetry},
  url      = {https://d1.awsstatic.com/architecture-diagrams/ArchitectureDiagrams/connected-home-command-control-diagram.pdf},
  subtitle = {Measuring and collecting data from smart home devices},
  urldate  = {2020-07-07},
  groups   = {Rechnernetze - AWS},
}

@Comment{jabref-meta: databaseType:biblatex;}

@Comment{jabref-meta: grouping:
0 AllEntriesGroup:;
1 StaticGroup:Rechnernetze - AWS\;0\;0\;0xffccccff\;\;Hausarbeit PHWT Rechnernetze AWS 2020\;;
1 StaticGroup:PTB\;0\;1\;0x00ffffff\;\;Messkonzept\;;
1 StaticGroup:Datenbanken\;0\;1\;0x0000ffff\;\;Hausarbeit PHWT Datenbanken 2020\;;
}
